<?xml version="1.0" encoding="UTF-8"?><collection xmlns="http://www.loc.gov/MARC21/slim"><record><leader>00515nam--2200181-i-4500</leader><controlfield tag="001">000007408</controlfield><controlfield tag="002">20161230</controlfield><controlfield tag="005">20161230201027</controlfield><controlfield tag="008">060222s1000------------r-----000-0-eng-d</controlfield><datafield ind1=" " ind2=" " tag="040"><subfield code="a">IFIN-HH</subfield></datafield><datafield ind1=" " ind2=" " tag="080"><subfield code="a">539.14</subfield></datafield><datafield ind1="1" ind2=" " tag="100"><subfield code="a">Miles, B.M</subfield></datafield><datafield ind1="1" ind2="0" tag="245"><subfield code="a">Critically evaluated transition probabilities for ba i and ii</subfield><subfield code="c">B.m. miles, w.l. wiese</subfield></datafield><datafield ind1=" " ind2=" " tag="260"><subfield code="a">Washington, D.C</subfield><subfield code="b">National Bureau Of Standards</subfield><subfield code="c">1969</subfield></datafield><datafield ind1=" " ind2=" " tag="300"><subfield code="a">22P</subfield></datafield><datafield ind1=" " ind2=" " tag="490"><subfield code="a">Tehnical Note 474</subfield></datafield><datafield ind1=" " ind2=" " tag="852"><subfield code="a">33688</subfield><subfield code="c">539.14</subfield></datafield><datafield ind1=" " ind2=" " tag="CAT"><subfield code="a">Sys</subfield><subfield code="c">20120327</subfield><subfield code="h">155902</subfield></datafield></record></collection>